@Book{lieberman,
  title = {Introduction to Operations Research},
  author = {Frederick S. Hillier and Gerald J. Lieberman},
  publisher = {McGraw Hill},
  address = {New York, US},
  year = {2001},
  edition = {7th},
  note = {ISBN 0072321695},
  url = {www.mhhe.com},
}

@Book{franz,
  title = {Design of Modern Heuristics: Principles and Application.},
  author = {Franz Rothlauf},
  publisher = {Springer},
  address = {Berlin, Germany},
  year = {2011},
  edition = {1st},
  note = {e-book ISBN 978-3-540-72962-4},
  url = {https://link.springer.com/book/10.1007/978-3-540-72962-4#about},
}

@Book{taha,
  title = {Operations Research an Introduction},
  author = {Hamdy A. Taha},
  publisher = {Prentice Hall},
  address = {New Jersey, US},
  year = {2007},
  edition = {8th},
  note = {ISBN 0-13-188923-0},
  url = {https://link.springer.com/book/10.1007/978-3-540-72962-4#about},
}

@Book{vincentius,
  title = {Pengenalan Riset Operasi},
  author = {Vincentius Rachmadi Parmono},
  publisher = {Universitas Terbuka},
  address = {Jakarta, Indonesia},
  year = {2007},
  edition = {1st},
  note = {DDC 23: 658.4034},
  url = {https://www.pustaka.ut.ac.id/lib/adbi4530-riset-operasi/},
}

@Book{hindawi,
  title = {A Review of Deterministic Optimization Methods in Engineering and Management},
  author = {Ming-Hua Lin and Jung-Fa Tsai and Chian-Son Yu},
  publisher = {Hindawi},
  year = {2012},
  note = {Book ID 756023},
  url = {https://doi.org/10.1155/2012/756023},
}

@Book{kun,
  title = {Solving mixed integer nonlinear programming problems using spiral dynamics optimization algorithm},
  author = {Adhe Kania and Kuntjoro Adji Sidarto},
  publisher = {AIP Publishing},
  year = {2016},
  note = {doi: 10.1063/1.4942987},
  url = {http://dx.doi.org/10.1063/1.4942987},
}

@Book{marco,
  title = {Deterministic Optimization},
  author = {Marco Cavazzuti},
  publisher = {Springer-Verlag},
  address = {Berlin, Heidelberg},
  year = {2013},
  note = {ISBN 978-3-642-31186-4},
  url = {https://doi.org/10.1007/978-3-642-31187-1_4},
}

@Book{geovani,
  title = {Methods and Models for Combinatorial Optimization: Heuristis for Combinatorial Optimization},
  author = {Luigi De Geovanni and Marco Di Summa},
  publisher = {Universita Degli Studi di Padova},
  year = {2018},
  note = {Dipartimento di Matematica}
}

@Book{benoit,
  title = {MILP: Branch-and-Bound Search},
  author = {Benoit Chachuat},
  publisher = {McMaster University},
  year = {2011},
  note = {Department of Chemical Engineering}
}

@Manual{boot,
    title = {boot: Bootstrap R (S-Plus) Functions},
    author = {Angelo Canty and B. D. Ripley},
    year = {2021},
    note = {R package version 1.3-28},
  }

@Book{roi,
    title = {{ROI}: An Extensible {R} Optimization Infrastructure},
    author = {Stefan Theu{\ss}l and Florian Schwendinger and Kurt
      Hornik},
    journal = {Journal of Statistical Software},
    year = {2020},
    volume = {94},
    number = {15},
    pages = {1--64},
    doi = {10.18637/jss.v094.i15},
  }
  
@Book{ompr,
    title = {{ompr}: Model and Solve Mixed Integer Linear Programs},
    author = {Dirk Schumacher},
    year = {2020}
  }
  
@Manual{munir,
  title = {Catatan Kuliah Matematika Diskrit: Kompleksitas Algoritma},
  author = {Rinaldi Munir},
  publisher = {Institut Teknologi Bandung},
  year = {2015},
  note = {Teknik Informatika ITB}
}


@Book{masood,
  title = {Two Models of Inventory Control With Supplier Selection In Case of Multiple Sourcing: a case of Isfahan Steel Company},
  author = {Masood Rabieh and Mohammad Ali Soukhakian and Ali Naghi Mosleh Shirazi},
  publisher = {Springerlink.com},
  year = {2016},
  note = {DOI 10.1007/s40092-016-0145-y}
}

@Book{bani,
  title = {The total cost of logistics in supplier selection, under conditions of multiple sourcing, multiple criteria and capacity constraint},
  author = {Elnaz Bani and Davood Jafari},
  publisher = {Decision Science Letters},
  year = {2016},
  note = {DOI 10.5267/j.dsl.2015.12.003}
}

@Book{webber,
  title = {Supply-Chain Management: Logistics Catches up with Strategy},
  author = {R. Keith Oliver and Michael D. Webber},
  publisher = {Outlook},
  year = {1982},
  note = {DOI 10.1007/978-3-642-27922-5_15}
}

@Book{sourcing,
  title = {Choosing Between Single and Multiple Sourcing Based on Supplier Default Risk: A Real Options Approach},
  author = {Nicola Costantino and Roberta Pellegrino},
  publisher = {Journal of Purchasing and Supply Management},
  year = {2010},
  note = {DOI 10.1016/j.pursup.2009.08.001}
}

@Book{hasan,
  title = {Multiple criteria supplier selection: a fuzzy approach},
  author = {Md. Mahmudul Hasan and Md. Abu Sayeed Shohag and Abdullahil Azeem and Sanjoy Kumar Paul},
  publisher = {International Journal Logistics Systems and Management},
  year = {2015},
  note = {DOI 10.1504/IJLSM.2015.068488}
}

@Book{nispelling,
  title = {Multi-Criteria Supplier Selection in the Edible Oil Industry: The Case of a New Oils & Fats Plant in China},
  author = {Thomas Nispelling},
  publisher = {TU Delft},
  year = {2015}
}

@Book{zhi,
  title = {An Integrated Model of Material Supplier Selection and Order Allocation Using Fuzzy Extended AHP and Multiobjective Programming},
  author = {Zhi Li and W. K. Wong and C. K. Kwong},
  publisher = {Hindawi Publishing Corporation},
  year = {2013},
  note = {Book ID 363718, 14 pages}
}

@Book{tamura,
  title = {Spiral Dynamics Inspired Optimization},
  author = {Kenichi Tamura and Keiichiro Yasuda},
  publisher = {Journal of Advanced Computational Intelligence and Intelligent Informatics},
  year = {2011},
  note = {Tokyo Metropolitan University}
}

@Book{kingsaud,
  title = {Improved Black Hole optimization algorithm for data clustering},
  author = {Hasan Deeb and Archana Sarangi and Debahuti Mishra and Shubhendu Kumar Sarangi},
  publisher = {Journal of King Saud University â€“ Computer and Information Sciences},
  year = {2020},
  note = {Journal of King Saud University}
}