@Book{lieberman,
  title = {Introduction to Operations Research},
  author = {Frederick S. Hillier and Gerald J. Lieberman},
  publisher = {McGraw Hill},
  address = {New York, US},
  year = {2001},
  edition = {7th},
  note = {ISBN 0072321695},
  url = {www.mhhe.com},
}

@Article{hindawi,
  title = {Parallel Processing: definition},
  author = {TechTarget Contributor},
  publisher = {Hindawi},
  year = {2012},
  note = {Article ID 756023},
  url = {https://doi.org/10.1155/2012/756023},
}

@Manual{munir,
  title = {Catatan Kuliah Matematika Diskrit: Kompleksitas Algoritma},
  author = {Rinaldi Munir},
  publisher = {Institut Teknologi Bandung},
  year = {2015},
  note = {Teknik Informatika ITB},
}